@book{introtocontrol,
  title={Introduction to Control System Technology},
  author={Bateson, R.N.},
  year={1999},
  note={304-307},
  publisher={Prentice-Hall, Upper Saddle River, NJ}
}

@inproceedings{modelling,
  title={MODELLING AND APPLICATION OF A COMPUTER-CONTROLLED LIQUID LEVEL TANK SYSTEM},
  author={Mamur, Hayati and Atacak, Ismail and Korkmaz, Fatih and Bhuiyan, Mra},
  booktitle={Proc. Sixth International Conference on Embedded Systems and Applications (EMSA 2017)},
  year={2017},
  pages={97--106}
}

@inproceedings{simulator,
  title={Simulator of water tank level control system using PID-controller},
  author={Noh, Maziyah Mat and Najib, Muhammad Sharfi and Saadah, Nurhaim and Krope, J and Sakellaris, I},
  booktitle={Advanced Topics on Water Resources, Hydraulics and Hydrology-Proceedings of the 3rd IASME/WSEAS International Conference On Water Resources, Hydraulics and Hydrology (WHH'08)},
  pages={168--171},
  year={2008}
}
